<record><leader>00000cas a22000007a 4500</leader><controlfield tag="001">18054732</controlfield><controlfield tag="008">880608d19511959txuwr ne      0    0eng d</controlfield><datafield ind1=" " ind2=" " tag="010"><subfield code="a">sn 88083671 </subfield></datafield><datafield ind1=" " ind2=" " tag="040"><subfield code="a">PPM</subfield><subfield code="b">eng</subfield><subfield code="c">PPM</subfield><subfield code="d">OCLCQ</subfield></datafield><datafield ind1=" " ind2=" " tag="042"><subfield code="a">msc</subfield></datafield><datafield ind1="0" ind2="4" tag="245"><subfield code="a">The Burleson County citizen.</subfield></datafield><datafield ind1=" " ind2=" " tag="260"><subfield code="a">Caldwell, Tex. :</subfield><subfield code="b">A.C. Pope &amp; E.E. Brauenec,</subfield><subfield code="c">1951-</subfield></datafield><datafield ind1=" " ind2=" " tag="310"><subfield code="a">Weekly</subfield></datafield><datafield ind1="0" ind2=" " tag="362"><subfield code="a">Vol. 1, no. 1 (Dec. 7, 1951)-</subfield></datafield><datafield ind1="1" ind2=" " tag="362"><subfield code="a">Ceased in 1959.</subfield></datafield><datafield ind1=" " ind2=" " tag="752"><subfield code="a">United States</subfield><subfield code="b">Texas</subfield><subfield code="c">Burleson</subfield><subfield code="d">Caldwell.</subfield></datafield><datafield ind1="0" ind2="7" tag="785"><subfield code="t">Caldwell news and the Burleson County ledger</subfield><subfield code="w">(DLC)sn 86088395</subfield></datafield><datafield ind1="0" ind2="7" tag="785"><subfield code="t">Burleson County citizen and the Caldwell news</subfield><subfield code="w">(DLC)sn 86088384</subfield></datafield></record>